@inproceedings{wwwc13ling,
  author = {Lingad, John and Karimi, Sarvnaz and Yin, Jie},
  title = {Location Extraction From Disaster-Related Microblogs},
  booktitle = {WWW 2013 Companion},
  year = {2013},
  pages = {1017-1020},
  address = {Rio de Janeiro, Brazil}
}

@inproceedings{acl11han,
      author = {Han, Bo and Baldwin, Timothy},
       title = {Lexical Normalisation of Short Text Messages: Makn Sens a \#twitter},
   booktitle = +ACL2011,
       pages = {368--378},
        year = {2011},
     address = {Portland, USA}
}

@inproceedings{acl11liux,
      author = {Liu, Xiaohua and Zhang, Shaodian and Wei, Furu and Zhou, Ming},
       title = {Recognizing Named Entities in Tweets},
   booktitle = +ACL2011,
       pages = {359--367},
        year = {2011},
     address = {Portland, USA}
}

@InProceedings{acl05fink,
  author    = {Finkel, Jenny Rose  and  Grenager, Trond  and  Manning, Christopher},
  title     = {Incorporating Non-local Information into Information Extraction Systems by Gibbs Sampling},
  booktitle = +ACL2005,
  year      = {2005},
  pages     = {363--370},
  address   = {Ann Arbor, USA}
}

@inproceedings{emnlp11ritt,
      author = {Ritter, Alan and Clark, Sam and Mausam and Etzioni, Oren},
       title = {Named Entity Recognition in Tweets: An Experimental Study},
   booktitle = +EMNLP2011,
       pages = {1524--1534},
        year = {2011},
     address = {Edinburgh, UK}
}




