@String{++Proceedings = "Proceedings "}

@String{++Proceedings-short = "Proc.\ "}

@String{++ACL = "Association for Computational Linguistics "}




@String{+AustAI2007 = ++Proceedings # "of the 20th Australian Joint Conference on Artificial Intelligence (AI07)"}

@String{+AustAI2009 = ++Proceedings # "of the 22nd Australian Joint Conference on Artificial Intelligence (AI09)"}



@String{+AAAI1980 = ++Proceedings # "of the 1st Conference on Artificial
                  Intelligence (AAAI-80)"}

@String{+AAAI1991 = ++Proceedings # "of the 9th Annual Conference on Artificial
                  Intelligence (AAAI-91)"}

@String{+AAAI1993 = ++Proceedings # "of the 11th Annual Conference on Artificial
                  Intelligence (AAAI-93)"}

@String{+AAAI1994 = ++Proceedings # "of the 12th Annual Conference on Artificial
                  Intelligence (AAAI-94)"}

@String{+AAAI1997 = ++Proceedings # "of the 15th Annual Conference on Artificial
                  Intelligence (AAAI-97)"}

@String{+AAAI2000 = ++Proceedings # "of the 18th Annual Conference on Artificial
                  Intelligence (AAAI-2000)"}

@String{+AAAI2005 = ++Proceedings # "of the 20th Annual Conference on Artificial
                  Intelligence (AAAI-05)"}

@String{+AAAI2007 = ++Proceedings # "of the 22nd Annual Conference on Artificial
                  Intelligence (AAAI-07)"}

@String{+AAAI2008 = ++Proceedings # "of the 23rd Annual Conference on Artificial
                  Intelligence (AAAI-08)"}

@String{+AAAI2010 = ++Proceedings # "of the 24th Annual Conference on Artificial
                  Intelligence (AAAI-10)"}

@String{+AAAI2011AM = ++Proceedings # "of the AAAI-11 Workshop on Analyzing Microtext"}



@String{+ACL1983 = ++Proceedings # "of the 21st Annual Meeting of the " # ++ACL}

@String{+ACL1984 = ++Proceedings # "of the 22nd Annual Meeting of the " # ++ACL}

@String{+ACL1985 = ++Proceedings # "of the 23rd Annual Meeting of the " # ++ACL}

@String{+ACL1986 = ++Proceedings # "of the 24th Annual Meeting of the " # ++ACL}

@String{+ACL1987 = ++Proceedings # "of the 25th Annual Meeting of the " # ++ACL}

@String{+ACL1988 = ++Proceedings # "of the 26th Annual Meeting of the " # ++ACL}

@String{+ACL1989 = ++Proceedings # "of the 27th Annual Meeting of the " # ++ACL}

@String{+ACL1990 = ++Proceedings # "of the 28th Annual Meeting of the " # ++ACL}

@String{+ACL1991 = ++Proceedings # "of the 29th Annual Meeting of the " # ++ACL}

@String{+ACL1992 = ++Proceedings # "of the 30th Annual Meeting of the " # ++ACL}

@String{+ACL1992-SS = ++Proceedings # "of the 30th Annual Meeting of the ACL, Student Session"}

@String{+ACL1993 = ++Proceedings # "of the 31st Annual Meeting of the " # ++ACL}

@String{+ACL1994 = ++Proceedings # "of the 32nd Annual Meeting of the " # ++ACL}

@String{+ACL1995 = ++Proceedings # "of the 33rd Annual Meeting of the " # ++ACL}

@String{+ACL1996 = ++Proceedings # "of the 34th Annual Meeting of the " # ++ACL}

@String{+ACL1996-SIGLEX = ++Proceedings # "of the ACL SIGLEX Workshop on Breadth and
               Depth of Semantic Lexicons"}

@String{+ACL1997 = ++Proceedings # "of the 35th Annual Meeting of the ACL and 8th
                  Conference of the EACL (ACL-EACL'97)"}

@String{+ACL1997WS-IE = ++Proceedings # "of ACL/EACL'97 Workshop on Automatic Information
                  Extraction and Building of Lexical Semantic Resources for
                  NLP Applications"}

@String{+ACL1997WS-CA = ++Proceedings # "of ACL/EACL'97 Workshop on Natural Language Processing for Communication Aids"}

@String{+ACL1997WS-SIGLEX = ++Proceedings # "of ACL SIGLEX Workshop on Tagging Text with
		  Lexical Semantics: Why, What and How?"}


@String{+ACL1998 = ++Proceedings # "of the 36th Annual Meeting of the ACL and
		  17th International Conference on Computational Linguistics:
		  COLING/ACL-98"}

@String{+ACL1998-SS = ++Proceedings # "of the 36th Annual Meeting of the ACL and
		  17th International Conference on Computational Linguistics
		  (COLING/ACL-98), Student Session"}

@String{+ACL1999 = ++Proceedings # "of the 37th Annual Meeting of the " # ++ACL}

@String{+ACL1999-SIGLEX = ++Proceedings # "of SIGLEX99: Standardizing Lexical Resources"}

@String{+ACL2000 = ++Proceedings # "of the 38th Annual Meeting of the " # ++ACL}

@String{+ACL2001 = ++Proceedings # "of the 39th Annual Meeting of the ACL and 10th
                  Conference of the EACL (ACL-EACL 2001)"}

@String{+ACL2001-WSColl = ++Proceedings # "of the ACL/EACL 2001 Workshop on the
                  Computational Extraction, Analysis and Exploitation of Collocations"}

@String{+ACL2001-DDMT = ++Proceedings # "of the ACL/EACL 2001 Workshop on Data-Driven
                  Methods in Machine Translation"}

@String{+ACL2002 = ++Proceedings # "of the 40th Annual Meeting of the ACL and 3rd Annual
                  Meeting of the NAACL (ACL-02)"}

@String{+ACL2002-SS = ++Proceedings # "of the Student Research Workshop, 40th Annual Meeting of the ACL (ACL-02)"}

@String{+ACL2002-LexAcq = ++Proceedings # "of the ACL-02 SIGLEX Workshop on Unsupervised Lexical Acquisition"}

@String{+ACL2002-SIGPHON = ++Proceedings # "of the 6th Meeting of the ACL Special Interest Group in Computational Phonology"}

@String{+ACL2002-WSD = ++Proceedings # "of the ACL-02 Workshop on Word Sense Disambiguation: Recent Successes and Future Directions"}

@String{+ACL2003 = ++Proceedings # "of the 41st Annual Meeting of the " #
                  ++ACL # " (ACL 2003)"}

@String{+ACL2003-MWE = ++Proceedings # "of the ACL-2003 Workshop on Multiword Expressions: Analysis, Acquisition and Treatment"}

@String{+ACL2004 = ++Proceedings # "of the 42nd Annual Meeting of the " # ++ACL # " (ACL 2004)"}

@String{+ACL2004-DLA = ++Proceedings # "of the ACL 2004 Workshop on Deep
                  Lexical Acquisition"}

@String{+ACL2004-MWE = ++Proceedings # "of the ACL 2004 Workshop on Multiword Expressions: Integrating Processing"}

@String{+ACL2004-Senseval = ++Proceedings # "of Senseval-3: Third International Workshop on the Evaluation of Systems for the Semantic Analysis of Text"}

@String{+ACL2004-TMI = ++Proceedings # "of the 2nd Workshop on Text Meaning and Interpretation"}

@String{+ACL2005 = ++Proceedings # "of the 43rd Annual Meeting of the " # ++ACL # " (ACL 2005)"}

@String{+ACL2005-student = ++Proceedings # "of the ACL 2005 Student Research Workshop"}

@String{+ACL2005-poster = ++Proceedings # "of the 43rd Annual Meeting of the ACL Interactive
                  Poster and Demonstration Sessions"}

@String{+ACL2005-DLA = ++Proceedings # "of the ACL-SIGLEX 2005 Workshop on Deep Lexical Acquisition"}

@String{+ACL2005-MTEval = ++Proceedings # "of the ACL Workshop on Intrinsic and Extrinsic Evaluation Measures for Machine Translation and/or Summarization"}

@String{+ACL2007 = ++Proceedings # "of the 45th Annual Meeting of the " # ++ACL # " (ACL 2007)"}

@String{+ACL2007-demo = ++Proceedings # "of the 45th Annual Meeting of the
                  Association for Computational Linguistics Companion Volume
                  Proceedings of the Demo and Poster Sessions (ACL 2007)"}

@String{+ACL2007-DLP = ++Proceedings # "of the ACL 2007 Workshop on Deep Linguistic Processing"}

@String{+ACL2007-MWE = ++Proceedings # "of the ACL 2007 Workshop on Multiword Expressions"}

@String{+ACL2007-Prep = ++Proceedings # "of the 4th ACL-SIGSEM Workshop on Prepositions"}

@String{+ACL2007-SemEval = ++Proceedings # "of the 4th International Workshop on Semantic Evaluations"}

@String{+ACL2008 = ++Proceedings # "of the 46th Annual Meeting of the ACL: HLT
                  (ACL 2008)"}

@String{+ACL2008-Short = ++Proceedings # "of the 46th Annual Meeting of the ACL: HLT
                  (ACL 2008), Short Papers"}

@String{+ACL2009 = ++Proceedings # "of the Joint conference of the 47th Annual
                  Meeting of the Association for Computational Linguistics and
                  the 4th International Joint Conference on Natural Language
                  Processing of the Asian Federation of Natural Language
                  Processing (ACL-IJCNLP 2009)"}

@String{+ACL2010 = ++Proceedings # "of the 48th Annual Meeting of the ACL
                  (ACL 2010)"}

@String{+ACL2011 = ++Proceedings # "of the 49th Annual Meeting of the
                  Association for Computational Linguistics: Human Language
                  Technologies (ACL HLT 2011)"}

@String{+ACL2012 = ++Proceedings # "of the 50th Annual Meeting of the
                  Association for Computational Linguistics (ACL 2012)"}

@String{+ACL2012-demo = ++Proceedings # "of the 50th Annual Meeting of the
                  Association for Computational Linguistics (ACL 2012) Demo Session"}

@String{+ACL2013 = ++Proceedings # "of the 51st Annual Meeting of the
                  Association for Computational Linguistics (ACL 2013)"}

@String{+ACL2013-demo = ++Proceedings # "of the 51st Annual Meeting of the
                  Association for Computational Linguistics (ACL 2013): System
                  Demonstrations"}

@String{+ACL2014 = ++Proceedings # "of the 52nd Annual Meeting of the
                  Association for Computational Linguistics (ACL 2014)"}


                  

@String{+ADCS2007 = ++Proceedings # "of the Twelfth Australasian Document Computing Symposium (ADCS 2007)"}

@String{+ADCS2008 = ++Proceedings # "of the Thirteenth Australasian Document Computing Symposium (ADCS 2008)"}

@String{+ADCS2009 = ++Proceedings # "of the Fourteenth Australasian Document Computing Symposium (ADCS 2009)"}

@String{+ADCS2011 = ++Proceedings # "of the Sixteenth Australasian Document Computing Symposium (ADCS 2011)"}




@String{+AH2008 = ++Proceedings # "of the 5th International Conference on Adaptive
                  Hypermedia and Adaptive Web-Based Systems (AH 2008)"}




@String{+ALTW2003 = ++Proceedings # "of the Australasian Language Technology
                  Workshop 2003 (ALTW 2003)"}

@String{+ALTW2005 = ++Proceedings # "of the Australasian Language Technology
                  Workshop 2005 (ALTW 2005)"}

@String{+ALTW2006 = ++Proceedings # "of the Australasian Language Technology
                  Workshop 2006 (ALTW 2006)"}

@String{+ALTW2007 = ++Proceedings # "of the Australasian Language Technology
                  Workshop 2007 (ALTW 2007)"}

@String{+ALTW2008 = ++Proceedings # "of the Australasian Language Technology
                  Workshop 2008 (ALTW 2008)"}

@String{+ALTW2009 = ++Proceedings # "of the Australasian Language Technology
                  Workshop 2009 (ALTW 2009)"}

@String{+ALTW2010 = ++Proceedings # "of the Australasian Language Technology
                  Workshop 2010 (ALTW 2010)"}

@String{+ALTW2011 = ++Proceedings # "of the Australasian Language Technology
                  Workshop 2011 (ALTW 2011)"}

@String{+ALTW2012 = ++Proceedings # "of the Australasian Language Technology
                  Workshop 2012 (ALTW 2012)"}





@String{+AMTA1994 = ++Proceedings # "of the First Conference of the
                  Association for Machine Translation in the Americas (AMTA'94)"}

@String{+AMTA1998 = ++Proceedings # "of AMTA'98: Conference of the Association for Machine Translation in the Americas"}

@String{+AMTA2002 = ++Proceedings # "of the 6th Conference of the Association for
                  Machine Translation in the Americas (AMTA)"}




@String{+ANLP1988 = ++Proceedings # "of the 2nd Conference on Applied Natural
		  Language Processing (ANLP)"}

@String{+ANLP1992 = ++Proceedings # "of the 3rd Conference on Applied Natural
		  Language Processing (ANLP)"}

@String{+ANLP1994 = ++Proceedings # "of the 4th Conference on Applied Natural
		  Language Processing (ANLP)"}

@String{+ANLP1997 = ++Proceedings # "of the 5th Conference on Applied Natural
		  Language Processing (ANLP)"}

@String{+ANLP2000 = ++Proceedings # "of the 6th Conference on Applied Natural
		  Language Processing (ANLP)"}




@String{+ASIALEX2003 = ++Proceedings # "of the Asian Association for Lexicography (ASIALEX 2003)"}





@String{+ARPA1993 = ++Proceedings # "of the ARPA Human Language Technology Workshop"}

@String{+ARPA1994 = ++Proceedings # "of the ARPA Human Language Technology Workshop"}




@String{+BLS1984 = ++Proceedings # "of the 10th Annual Meeting of the Berkeley Linguistics Society"}

@String{+BLS1988 = ++Proceedings # "of the 14th Annual Meeting of the Berkeley Linguistics Society"}

@String{+BLS2001 = ++Proceedings # "of the 27th Annual Meeting of the Berkeley Linguistics Society"}



@String{+CICLing2001 = ++Proceedings # "of the 2nd International Conference
        on Intelligent Text Processing and Computational Linguistics (CICLing-2001)"}

@String{+CICLing2002 = ++Proceedings # "of the 3rd International Conference
        on Intelligent Text Processing and Computational Linguistics (CICLing-2002)"}

@String{+CICLing2003 = ++Proceedings # "of the 4th International Conference
        on Intelligent Text Processing and Computational Linguistics (CICLing-2003)"}

@String{+CICLing2004 = ++Proceedings # "of the 5th International Conference
        on Intelligent Text Processing and Computational Linguistics (CICLing-2004)"}

@String{+CICLing2005 = ++Proceedings # "of the 6th International Conference
        on Intelligent Text Processing and Computational Linguistics (CICLing-2005)"}

@String{+CICLing2006 = ++Proceedings # "of the 7th International Conference
        on Intelligent Text Processing and Computational Linguistics (CICLing-2006)"}



@String{+CIKM2003 = ++Proceedings # "of the 12th ACM Conference on Information
                  and Knowledge Management (CIKM 2003)"}

@String{+CIKM2005 = ++Proceedings # "of the 14th ACM Conference on Information
                  and Knowledge Management (CIKM 2005)"}

@String{+CIKM2007 = ++Proceedings # "of the 16th ACM Conference on Information
                  and Knowledge Management (CIKM 2007)"}

@String{+CIKM2007-short = ++Proceedings-short # "CIKM 2007"}

@String{+CIKM2009 = ++Proceedings # "of the 18th ACM Conference on Information
                  and Knowledge Management (CIKM 2009)"}

@String{+CIKM2009-short = ++Proceedings-short # "CIKM 2009"}

@String{+CIKM2010 = ++Proceedings # "of the 19th ACM Conference on Information 
                  and Knowledge Management (CIKM 2010)"}


@String{+CIKM2011 = ++Proceedings # "of the 20th ACM Conference on Information 
                  and Knowledge Management (CIKM 2011)"}




@String{+CoNLL1997 = ++Proceedings # "of the Conference on Computational Natural Language Learning (CoNLL-97)"}

@String{+CoNLL1998 = ++Proceedings # "of the Joint Conference on New Methods in
                  Language Processing and Computational Natural Language Learning (NeMLaP3/CoNLL98)"}

@String{+CoNLL1999 = ++Proceedings # "of the 3rd Conference on Computational Natural Language Learning (CoNLL-99)"}

@String{+CoNLL2000 = ++Proceedings # "of the 4th Conference on Computational Natural Language Learning (CoNLL-2000)"}

@String{+CoNLL2001 = ++Proceedings # "of the ACL/EACL-2001 Workshop on Computational Natural Language Learning (CoNLL-2001)"}

@String{+CoNLL2002 = ++Proceedings # "of the 6th Conference on Natural Language Learning (CoNLL-2002)"}

@String{+CoNLL2003 = ++Proceedings # "of the 7th Conference on Natural Language Learning (CoNLL-2003)"}

@String{+CoNLL2004 = ++Proceedings # "of the 8th Conference on Natural Language Learning (CoNLL-2004)"}

@String{+CoNLL2008 = ++Proceedings # "of the 12th Conference on Natural Language Learning (CoNLL-2008)"}

@String{+CoNLL2010 = ++Proceedings # "of the 14th Conference on Natural Language Learning (CoNLL-2010)"}





@String{+CL = "Computational Linguistics"}





@String{+CLEF2003 = "Working Notes for the CLEF 2003 Workshop"}





@String{+CLIN1994 = "Papers from the 4th CLIN Meeting"}

@String{+CLIN2000 = "Computational Linguistics in the Netherlands 2000"}

@String{+CLIN2003 = "Papers from the 14th Meeting of Computational Linguistics in the Netherlands"}




@String{+CLS1968 = "Papers of the 4th Regional Meeting of the Chicago
                  Linguistics Society"}

@String{+CLS1982 = "Papers of the 18th Regional Meeting of the Chicago
                  Linguistics Society"}

@String{+CLS1988 = "Papers of the 24th Regional Meeting of the Chicago
                  Linguistics Society"}

@String{+CLS1995 = "Papers of the 31st Regional Meeting of the Chicago
                  Linguistics Society"}




@String{+CLUK1999 = ++Proceedings # "of the 2nd UK Special Interest Group for Computational Linguistics (CLUK2)"}

@String{+CLUK2001 = ++Proceedings # "of the 4th UK Special Interest Group for Computational Linguistics (CLUK4)"}




@String{+COE1998 = ++Proceedings # "of the Kanda University of International Studies
                  Graduate School of Language Sciences Centre of Excellence in
                  Linguistics (COE) International Workshop"}




@String{+COGSCI2000 = ++Proceedings # "of the 22nd Annual Meeting of the Cognitive Science Society (CogSci 2000)"}



@String{+COLACL1998 = ++Proceedings # "of the 36th Annual Meeting of the ACL and
		  17th International Conference on Computational Linguistics:
		  COLING/ACL-98"}

@String{+COLACL2006 = ++Proceedings # "of COLING/ACL 2006"}

@String{+COLACL2006-poster = ++Proceedings # "of the COLING/ACL 2006 Interactive Poster
                  Session"}

@String{+COLACL2006-Frontiers = ++Proceedings # "of the Workshop on Frontiers in Linguistically Annotated Corpora 2006"}
@String{+COLACL2006-MWE = ++Proceedings # "of the COLING/ACL 2006 Workshop on Multiword Expressions: Identifying and Exploiting Underlying Properties"}



@String{+CPCOL = "The International Journal on Computer Processing of Oriental Language"}





@String{+COLING1980 = ++Proceedings # "of the 8th International Conference on
		  Computational Linguistics (COLING '80)"}

@String{+COLING1982 = ++Proceedings # "of the 9th International Conference on
                  Computational Linguistics (COLING '82)"}

@String{+COLING1984 = ++Proceedings # "of the 10th International Conference on
                  Computational Linguistics (COLING '84)"}

@String{+COLING1986 = ++Proceedings # "of the 11th International Conference on
                  Computational Linguistics (COLING '86)"}

@String{+COLING1990 = ++Proceedings # "of the 13th International Conference on
		  Computational Linguistics (COLING '90)"}

@String{+COLING1992 = ++Proceedings # "of the 14th International Conference on
		  Computational Linguistics (COLING '92)"}

@String{+COLING1994 = ++Proceedings # "of the 15th International Conference on
		  Computational Linguistics (COLING '94)"}

@String{+COLING1996 = ++Proceedings # "of the 16th International Conference on
		  Computational Linguistics (COLING '96)"}

@String{+COLING1998 = ++Proceedings # "of the 36th Annual Meeting of the ACL and
		  17th International Conference on Computational Linguistics
		  (COLING/ACL-98)"}

@String{+COLING1998-wordnet = ++Proceedings # "of the COLING-ACL'98 Workshop on
                  the Usage of {WordNet} in Natural Language Processing Systems"}

@String{+COLING1998-nominals = ++Proceedings # "of the COLING-ACL'98 Workshop on
                  the Computational Treatment of Nominals"}

@String{+COLING1998-term = ++Proceedings # "of the COLING-ACL'98 Workshop on
                  Computational Terminology"}

@String{+COLING2000 = ++Proceedings # "of the 18th International Conference on Computational Linguistics
		  (COLING 2000)"}

@String{+COLING2000-SEMWS = ++Proceedings # "of the COLING 2000 Workshop on Semantic
                  Annotation and Intelligent Content"}

@String{+COLING2002 = ++Proceedings # "of the 19th International Conference on Computational Linguistics
		  (COLING 2002)"}

@String{+COLING2002-MT = ++Proceedings # "of the COLING-2002 Workshop on Machine
                  Translation in Asia"}

@String{+COLING2002-GEE = ++Proceedings # "of the COLING-2002 Workshop on 
                  Grammar Engineering and Evaluation"}


@String{+COLING2004 = ++Proceedings # "of the 20th International Conference on Computational Linguistics
		  (COLING 2004)"}

@String{+COLING2004-Dict = ++Proceedings # "of the COLING-2004 Workshop on Enhancing and Using Electronic Dictionaries"}

@String{+COLING2004-ML = ++Proceedings # "of the COLING-2004 Workshop on Multilingual Resources"}

@String{+COLING2008 = ++Proceedings # "of the 22nd International Conference on Computational Linguistics
		  (COLING 2008)"}

@String{+COLING2010 = ++Proceedings # "of the 23rd International Conference on Computational Linguistics
		  (COLING 2010)"}

@String{+COLING2010-demo = ++Proceedings # "of the 23rd International Conference on Computational Linguistics
		  (COLING 2010), Demo Volume"}

@String{+COLING2010-poster = ++Proceedings # "of the 23rd International Conference on Computational Linguistics
		  (COLING 2010), Posters Volume"}

@String{+COLING2012 = ++Proceedings # "of the 24th International Conference on Computational Linguistics
		  (COLING 2012)"}




@String{+CSL-MWE = "Computer Speech and Language, Special Issue on Multiword Expressions"}





@String{+DARPA1992 = ++Proceedings # "of the 4th DARPA Speech and Natural Language Workshop"}








@String{+EACL1987 = ++Proceedings # "of the 3rd Conference of the European Chapter of the
                  Association for Computational Linguistics (EACL'87)"}

@String{+EACL1993 = ++Proceedings # "of the 6th Conference of the European Chapter of the
                  Association for Computational Linguistics (EACL'93)"}

@String{+EACL1995 = ++Proceedings # "of the 7th Conference of the European Chapter of the
                  Association for Computational Linguistics (EACL'95)"}

@String{+EACL1997 = ++Proceedings # "of the 35th Annual Meeting of the ACL and 8th
                  Conference of the EACL (ACL-EACL'97)"}

@String{+EACL1999 = ++Proceedings # "of the 9th Conference of the European Chapter of the
                  Association for Computational Linguistics (EACL'99)"}

@String{+EACL2001 = ++Proceedings # "of the 39th Annual Meeting of the ACL and 10th
                  Conference of the EACL (ACL-EACL 2001)"}

@String{+EACL2003 = ++Proceedings # "of the 10th Conference of the EACL (EACL 2003)"}

@String{+EACL2006 = ++Proceedings # "of the 11th Conference of the EACL (EACL 2006)"}

@String{+EACL2006-Prep = ++Proceedings # "of the Third ACL-SIGSEM Workshop on Prepositions"}

@String{+EACL2009 = ++Proceedings # "of the 12th Conference of the EACL (EACL 2009)"}

@String{+EACL2009-VVV = ++Proceedings # "of the EACL 2009 Workshop on the
                  Interaction between Linguistics and Computational
                  Linguistics: Virtuous, Vicious or Vacuous?"}

@String{+EACL2012 = ++Proceedings # "of the 13th Conference of the EACL (EACL 2012)"}

@String{+EACL2012-demo = ++Proceedings # "of the Demo Session of the 13th Conference of the EACL (EACL 2012)"}




@String{+ECAI2008 = ++Proceedings # "of the 18th European Conference on Artificial Intelligence (ECAI-08)"}



@String{+ECIR2007 = ++Proceedings # "of the 29th European Conference on Information Retrieval (ECIR'07)"}

@String{+ECIR2012 = ++Proceedings # "of the 34th European Conference on
                  Information Retrieval (ECIR 2012)"}




@String{+EMNLP1996 = ++Proceedings # "of the Conference on Empirical Methods in Natural 
                  Language Processing (EMNLP-96)"}

@String{+EMNLP1997 = ++Proceedings # "of the 2nd Conference on Empirical Methods in Natural 
                  Language Processing (EMNLP-97)"}

@String{+EMNLP1998 = ++Proceedings # "of the 3rd Conference on Empirical Methods in Natural 
                  Language Processing (EMNLP-98)"}

@String{+EMNLP1999 = ++Proceedings # "of the Joint SIGDAT Conference on Empirical Methods
                  in Natural Language Processing and Very Large Corpora
                  (EMNLP/VLC-99)"}

@String{+EMNLP2000 = ++Proceedings # "of the Joint SIGDAT Conference on Empirical Methods
                  in Natural Language Processing and Very Large Corpora
                  (EMNLP/VLC-2000)"}

@String{+EMNLP2001 = ++Proceedings # "of the 6th Conference on Empirical Methods in Natural 
                  Language Processing (EMNLP 2001)"}

@String{+EMNLP2002 = ++Proceedings # "of the 2002 Conference on Empirical Methods in Natural 
                  Language Processing (EMNLP 2002)"}

@String{+EMNLP2003 = ++Proceedings # "of the 2003 Conference on Empirical Methods in
                  Natural Language Processing (EMNLP 2003)"}

@String{+EMNLP2004 = ++Proceedings # "of the 2004 Conference on Empirical Methods in
                  Natural Language Processing (EMNLP 2004)"}

@String{+EMNLP2005 = ++Proceedings # "of the 2005 Conference on Empirical Methods in
                  Natural Language Processing (EMNLP 2005)"}

@String{+EMNLP2006 = ++Proceedings # "of the 2006 Conference on Empirical Methods in
                  Natural Language Processing (EMNLP 2006)"}

@String{+EMNLP2007 = ++Proceedings # "of the Joint Conference on Empirical Methods in
                  Natural Language Processing and Computational Natural
                  Language Learning 2007 (EMNLP-CoNLL 2007)"}

@String{+EMNLP2008 = ++Proceedings # "of the 2008 Conference on Empirical Methods in
                  Natural Language Processing (EMNLP 2008)"}

@String{+EMNLP2009 = ++Proceedings # "of the 2009 Conference on Empirical Methods in
                  Natural Language Processing (EMNLP 2009)"}

@String{+EMNLP2010 = ++Proceedings # "of the 2010 Conference on Empirical Methods in
                  Natural Language Processing (EMNLP 2010)"}

@String{+EMNLP2011 = ++Proceedings # "of the 2011 Conference on Empirical Methods in
                  Natural Language Processing (EMNLP 2011)"}

@String{+EMNLP2012 = ++Proceedings # "of the Joint Conference on Empirical Methods in
                  Natural Language Processing and Computational Natural 
                  Language Learning 2012 (EMNLP-CoNLL 2012)"}

@String{+EMNLP2013 = ++Proceedings # "of the 2013 Conference on Empirical Methods in
                  Natural Language Processing (EMNLP 2013)"}



@String{+EWNLG1999 = ++Proceedings # "of the 7th European Workshop on Natural Language Generation (EWNLG'99)"}



@String{+GL2002 = ++Proceedings # "of the 1st International Workshop on Generative Approaches to the Lexicon"}

@String{+GL2003 = ++Proceedings # "of the 2nd International Workshop on Generative Approaches to the Lexicon"}



@String{+GWN2012 = ++Proceedings # "of the 6th International Global Wordnet
                  Conference (GWC 2012)"}




@String{+HLT2001 = ++Proceedings # "of Human Language Technology (HLT) 2001"}





@String{+HPSG2002 = ++Proceedings # "of the 9th International Conference on
            Head-Driven Phrase Structure Grammar (HPSG-2002)"}

@String{+HPSG2003 = ++Proceedings # "of the 10th International Conference on
            Head-Driven Phrase Structure Grammar (HPSG-2003)"}



@String{+ICASSP1999 = ++Proceedings # "of the  1999 IEEE International
                  Conference on Acoustics, Speech, and Signal Processing (ICASSP-99)"}

@String{+ICASSP2005 = ++Proceedings # "of the 2005 IEEE International
                  Conference on Acoustics, Speech, and Signal Processing
                  (ICASSP 2005)"}



@String{+ICCPOL2002 = ++Proceedings # "of the 19th International Conference on the
                  Computer Processing of Oriental Languages (ICCPOL 2002)"}

@String{+ICCPOL2006 = ++Proceedings # "of the 21st International Conference on the
                  Computer Processing of Oriental Languages (ICCPOL 2006)"}



@String{+ICML1992 = ++Proceedings # "of the 9th International Machine Learning Conference"}

@String{+ICML1993 = ++Proceedings # "of the 10th International Conference on Machine Learning"}

@String{+ICML1994 = ++Proceedings # "of the 11th International Conference on Machine Learning"}

@String{+ICML1997 = ++Proceedings # "of the 14th International Conference on Machine Learning"}

@String{+ICML1999 = ++Proceedings # "of the 16th International Conference on Machine Learning"}

@String{+ICML2001 = ++Proceedings # "of the 18th International Conference on Machine Learning"}

@String{+ICML2003 = ++Proceedings # "of the 20th International Conference on Machine Learning"}

@String{+ICML2004 = ++Proceedings # "of the 21st International Conference on Machine Learning"}

@String{+ICML2007 = ++Proceedings # "of the 24th International Conference on
                  Machine Learning (ICML 2007)"}

@String{+ICML2009 = ++Proceedings # "of the 26th International Conference on
                  Machine Learning (ICML 2009)"}

@String{+ICML2010 = ++Proceedings # "of the 27th International Conference on
                  Machine Learning (ICML 2010)"}




@String{+ICSLP1992 = ++Proceedings # "of the 2nd International Conference on Spoken
                  Language Processing (ICSLP'92)"}

@String{+ICSLP1996 = ++Proceedings # "of the 4th International Conference on Spoken
                  Language Processing (ICSLP'96)"}

@String{+ICSLP1998 = ++Proceedings # "of the 5th International Conference on Spoken
                  Language Processing (ICSLP'98)"}




@String{+ICWSM2007 = ++Proceedings # "of the First International Conference
                  on Weblogs and Social Media (ICWSM 2007)"}

@String{+ICWSM2008 = ++Proceedings # "of the Second International Conference
                  on Weblogs and Social Media (ICWSM 2008)"}

@String{+ICWSM2009 = ++Proceedings # "of the Third International Conference
                  on Weblogs and Social Media (ICWSM 2009)"}

@String{+ICWSM2010 = ++Proceedings # "of the 4th International Conference
                  on Weblogs and Social Media (ICWSM 2010)"}

@String{+ICWSM2011 = ++Proceedings # "of the 5th International Conference
                  on Weblogs and Social Media (ICWSM 2011)"}

@String{+ICWSM2012 = ++Proceedings # "of the 6th International Conference
                  on Weblogs and Social Media (ICWSM 2012)"}

@String{+ICWSM2013 = ++Proceedings # "of the 7th International Conference
                  on Weblogs and Social Media (ICWSM 2013)"}

@String{+MSM2009 = ++Proceedings # "of the 1st International Workshop 
                  on Mining Social Media (MSM 2009)"}





@String{+IJCAI1989 = ++Proceedings # "of the 11th International Joint Conference on
                  Artificial Intelligence (IJCAI-89)"}

@String{+IJCAI1991 = ++Proceedings # "of the 12th International Joint Conference on
                  Artificial Intelligence (IJCAI-91)"}

@String{+IJCAI1993 = ++Proceedings # "of the 13th International Joint Conference on
                  Artificial Intelligence (IJCAI-93)"}

@String{+IJCAI1995 = ++Proceedings # "of the 14th International Joint Conference on
                  Artificial Intelligence (IJCAI-95)"}

@String{+IJCAI1997 = ++Proceedings # "of the 15th International Joint Conference on
                  Artificial Intelligence (IJCAI-97)"}

@String{+IJCAI1999 = ++Proceedings # "of the 16th International Joint Conference on
                  Artificial Intelligence (IJCAI-99)"}

@String{+IJCAI2001 = ++Proceedings # "of the 17th International Joint Conference on
                  Artificial Intelligence (IJCAI-2001)"}

@String{+IJCAI2003 = ++Proceedings # "of the 18th International Joint Conference on
                  Artificial Intelligence (IJCAI-2003)"}

@String{+IJCAI2005 = ++Proceedings # "of the 19th International Joint Conference on
                  Artificial Intelligence (IJCAI-2005)"}

@String{+IJCAI2007 = ++Proceedings # "of the 20th International Joint Conference on
                  Artificial Intelligence (IJCAI-2007)"}

@String{+IJCAI2009 = ++Proceedings # "of the 21st International Joint Conference on
                  Artificial Intelligence (IJCAI-2009)"}

@String{+IJCAI2011 = ++Proceedings # "of the 22nd International Joint Conference on
                  Artificial Intelligence (IJCAI-2011)"}





@String{+IJCNLP2004 = ++Proceedings # "of the First International Joint Conference on Natural Language Processing (IJCNLP-04)"}

@String{+IJCNLP2005 = ++Proceedings # "of the 2nd International Joint Conference on Natural Language Processing (IJCNLP-05)"}

@String{+IJCNLP2008 = ++Proceedings # "of the 3rd International Joint Conference on Natural Language Processing (IJCNLP-08)"}

@String{+IJCNLP2011 = ++Proceedings # "of the 5th International Joint
                  Conference on Natural Language Processing (IJCNLP 2011)"}

@String{+IJCNLP2013 = ++Proceedings # "of the 6th International Joint
                  Conference on Natural Language Processing (IJCNLP 2013)"}





@String{+IPSJ1995 = ++Proceedings # "of the 50th National Conference of the Information Processing Society of Japan"}



@String{+IRAL2003 = ++Proceedings # "of the  The Sixth International Workshop on
                  Information Retrieval with Asian Languages (IRAL2003)"}

                  

@String{+IUI2005 = ++Proceedings # "of the 2005 International Conference on
                  Intelligent User Interfaces (IUI 2005)"}

@String{+IUI2011 = ++Proceedings # "of the 2011 International Conference on
                  Intelligent User Interfaces (IUI 2011)"}




@String{+IWCS2001 = ++Proceedings # "of the Fourth International Workshop on Computational
                  Semantics (IWCS-4)"}

@String{+IWCS2003 = ++Proceedings # "of the Fifth International Workshop on Computational
                  Semantics (IWCS-5)"}

@String{+IWCS2005 = ++Proceedings # "of the Sixth International Workshop on Computational
                  Semantics (IWCS-6)"}

@String{+IWCS2013 = ++Proceedings # "of the Tenth International Workshop on Computational
                  Semantics (IWCS-10)"}




@String{+IWPT1993 = ++Proceedings # "of the 3rd International Workshop on Parsing
                  Technologies (IWPT-1993)"}

@String{+IWPT1995 = ++Proceedings # "of the 4th International Workshop on Parsing
                  Technologies (IWPT-1995)"}

@String{+IWPT1997 = ++Proceedings # "of the 5th International Workshop on Parsing
                  Technologies (IWPT-1997)"}

@String{+IWPT2007 = ++Proceedings # "of the 10th International Conference on Parsing
                  Technologies (IWPT-2007)"}

@String{+IWPT2009 = ++Proceedings # "of the 11th International Conference on Parsing
                  Technologies (IWPT-2009)"}




@String{+JCDL2001 = ++Proceedings # "of the 2001 Joint Conference on Digital Libraries (JCDL)"}

@String{+JCDL2010 = ++Proceedings # "of the 2010 Joint Conference on Digital Libraries (JCDL)"}
@String{+JCDL2011 = ++Proceedings # "of the 2011 Joint Conference on Digital Libraries (JCDL)"}



@String{+JML = "Journal of Memory and Language"}




@String{+JNLP = "Journal of Natural Language Processing"}





@String{+JNLP1996 = ++Proceedings # "of the 2nd Annual Meeting of the Association for Natural
		  Language Processing (Japan)"}

@String{+JNLP1997 = ++Proceedings # "of the 3rd Annual Meeting of the Association for Natural
		  Language Processing (Japan)"}

@String{+JNLP1998 = ++Proceedings # "of the 4th Annual Meeting of the Association for Natural
		  Language Processing (Japan)"}

@String{+JNLP1999 = ++Proceedings # "of the 5th Annual Meeting of the Association for Natural
		  Language Processing (Japan)"}

@String{+JNLP2001 = ++Proceedings # "of the 7th Annual Meeting of the Association for Natural
		  Language Processing (Japan)"}

@String{+JNLP2002 = ++Proceedings # "of the 8th Annual Meeting of the Association for Natural
		  Language Processing (Japan)"}

@String{+JNLP2004 = ++Proceedings # "of the 10th Annual Meeting of the Association for Natural
		  Language Processing (Japan)"}





@String{+KDD2006 = ++Proceedings # "of the 12th ACM SIGKDD International
                  Conference on Knowledge Discovery and Data Mining (KDD 2006)"}

@String{+KDD2007 = ++Proceedings # "of the 13th ACM SIGKDD International
                  Conference on Knowledge Discovery and Data Mining (KDD 2007)"}

@String{+KDD2008 = ++Proceedings # "of the 14th ACM SIGKDD International
                  Conference on Knowledge Discovery and Data Mining (KDD 2008)"}

@String{+KDD2011 = ++Proceedings # "of the 17th ACM SIGKDD International
                  Conference on Knowledge Discovery and Data Mining (KDD 2011)"}

@String{+KDD2012 = ++Proceedings # "of the 18th ACM SIGKDD International
                  Conference on Knowledge Discovery and Data Mining (KDD 2012)"}



@String{+LREC1998 = ++Proceedings # "of the 1st International Conference on Language
                  Resources and Evaluation (LREC'98)"}

@String{+LREC2000 = ++Proceedings # "of the 2nd International Conference on Language
                  Resources and Evaluation (LREC 2000)"}

@String{+LREC2002 = ++Proceedings # "of the 3rd International Conference on Language
                  Resources and Evaluation (LREC 2002)"}

@String{+LREC2004 = ++Proceedings # "of the 4th International Conference on Language
                  Resources and Evaluation (LREC 2004)"}

@String{+LREC2006 = ++Proceedings # "of the 5th International Conference on Language
                  Resources and Evaluation (LREC 2006)"}

@String{+LREC2008 = ++Proceedings # "of the 6th International Conference on Language
                  Resources and Evaluation (LREC 2008)"}

@String{+LREC2008-MWE = ++Proceedings # "of the LREC 2008 Workshop: Towards a Shared
                  Task for Multiword Expressions (MWE 2008)"}

@String{+LREC2010 = ++Proceedings # "of the 7th International Conference on Language
                  Resources and Evaluation (LREC 2010)"}

@String{+LREC2012 = ++Proceedings # "of the 8th International Conference on Language
                  Resources and Evaluation (LREC 2012)"}



@String{+LRE = "Language Resources and Evaluation"}



@String{+LSA = ++Proceedings # "of the Linguistics Society of America (LSA) Annual Meeting"}




@String{+MT = "Machine Translation"}




@String{+MTSummit1995 = ++Proceedings # "of the Fifth Machine Translation Summit (MT Summit V)"}

@String{+MTSummit1997 = ++Proceedings # "of the Sixth Machine Translation Summit (MT Summit VI)"}

@String{+MTSummit1999 = ++Proceedings # "of the Seventh Machine Translation Summit (MT Summit VII)"}

@String{+MTSummit2001 = ++Proceedings # "of the Eighth Machine Translation Summit (MT Summit VIII)"}

@String{+MTSummit2003 = ++Proceedings # "of the Ninth Machine Translation Summit (MT Summit IX)"}

@String{+MTSummit2005 = ++Proceedings # "of the Tenth Machine Translation Summit (MT Summit X)"}

@String{+MTSummit2007 = ++Proceedings # "of the Eleventh Machine Translation Summit (MT Summit XI)"}



@String{+ML = "Machine Learning"}




@String{+MW2009 = ++Proceedings # "of Museums and the Web 2009"}

@String{+MW2011 = "Museums and the Web 2011: Proceedings"}





@String{+NeMLaP1994 = ++Proceedings # "of the Conference on New Methods in Natural Language Processing"}

@String{+NeMLaP1996 = ++Proceedings # "of the 2nd International Conference on New Methods
                  in Natural Language Processing"}

@String{+NeMLaP1998 = ++Proceedings # "of the Joint Conference on New Methods
                  in Natural Language Processing and Natural Language Learning
                  (NeMLaP3/CoNLL98)"}




@String{+NAACL2000 = ++Proceedings # "of the 1st Annual Meeting of the North American
                  Chapter of Association for Computational Linguistics (NAACL2000)"}

@String{+NAACL2001 = ++Proceedings # "of the 2nd Annual Meeting of the North American
                  Chapter of Association for Computational Linguistics (NAACL2001)"}

@String{+NAACL2001-WN = ++Proceedings # "of the NAACL 2001 Workshop on WordNet and Other
                   Lexical Resources: Applications, Extensions and Customizations"}

@String{+NAACL2002 = ++Proceedings # "of the 40th Annual Meeting of the ACL and 3rd Annual
                  Meeting of the NAACL (ACL-02)"}

@String{+NAACL2003 = ++Proceedings # "of the 3rd International Conference on Human Language Technology Research and 4th Annual Meeting of the NAACL (HLT-NAACL 2003)"}

@String{+NAACL2004 = ++Proceedings # "of the 4th International Conference on Human Language Technology Research and 5th Annual Meeting of the NAACL (HLT-NAACL 2004)"}

@String{+NAACL2004-lexsem = ++Proceedings # "of the HLT-NAACL 2004 Workshop on Computational Lexical Semantics"}

@String{+NAACL2006 = ++Proceedings # "of the Main Conference on Human Language Technology Conference of the North American Chapter of the Association of Computational Linguistics"},

@String{+NAACL2007 = ++Proceedings # "of Human Language Technologies 2007: The Conference of the
                  North American Chapter of the Association for Computational
                  Linguistics"}

@String{+NAACL2009 = ++Proceedings # "of the North American Chapter of the Association for Computational
                  Linguistics -- Human Language Technologies 2009 (NAACL HLT 2009)"}

@String{+NAACL2009-Short = ++Proceedings # "of the North American Chapter of the Association for Computational
                  Linguistics -- Human Language Technologies 2009 (NAACL HLT
                  2009): Short Papers"}
                  
@String{+NAACL2009-BioNLP-Shared = ++Proceedings # "of BioNLP 2009: Shared Task"}

@String{+NAACL2010 = ++Proceedings # "of Human Language Technologies: The 11th
                  Annual Conference of the North American Chapter of the
                  Association for Computational Linguistics (NAACL HLT 2010)"}

@String{+NAACL2012 = ++Proceedings # "of the 2012 Conference of the North American Chapter of the Association for Computational Linguistics: Human Language Technologies (NAACL HLT 2012)"}

@String{+NAACL2013 = ++Proceedings # "of the 2013 Conference of the North American Chapter of the 
Association for Computational Linguistics: Human Language Technologies (NAACL HLT 2013)"}




@String{+NIPS2002 = "Advances in Neural Information Processing Systems 14 (NIPS-02)"}
@String{+NIPS2003 = "Advances in Neural Information Processing Systems 15 (NIPS-03)"}
@String{+NIPS2004 = "Advances in Neural Information Processing Systems 16 (NIPS-04)"}
@String{+NIPS2005 = "Advances in Neural Information Processing Systems 17 (NIPS-05)"}
@String{+NIPS2006 = "Advances in Neural Information Processing Systems 18 (NIPS-06)"}
@String{+NIPS2007 = "Advances in Neural Information Processing Systems 19 (NIPS-07)"}
@String{+NIPS2008 = "Advances in Neural Information Processing Systems 20 (NIPS-08)"}
@String{+NIPS2009 = "Advances in Neural Information Processing Systems 21 (NIPS-09)"}
@String{+NIPS2010 = "Advances in Neural Information Processing Systems 22 (NIPS-10)"}
@String{+NIPS2011 = "Advances in Neural Information Processing Systems 23 (NIPS-11)"}




@String{+NLE = "Natural Language Engineering"}




@String{+NLPRS1995 = ++Proceedings # "of the 3rd Natural Language Processing Pacific
		  Rim Symposium 1995 (NLPRS'95)"}

@String{+NLPRS1997 = ++Proceedings # "of the 4th Natural Language Processing Pacific
		  Rim Symposium 1997 (NLPRS'97)"}





@String{+Papillon2003 = ++Proceedings # "of the Papillon-2003 Workshop"}

@String{+Papillon2004 = ++Proceedings # "of the Papillon-2004 Workshop on Multilingual
                  Lexical Databases"}




@String{+PACLIC2000 = ++Proceedings # "of the 14th Pacific Asia Conference on Language, Information and Computation (PACLIC 14)"}

@String{+PACLIC2004 = ++Proceedings # "of the 18th Pacific Asia Conference on Language, Information and Computation (PACLIC 18)"}

@String{+PACLIC2007 = ++Proceedings # "of the 21st Pacific Asia Conference on Language, Information and Computation (PACLIC 21)"}

@String{+PACLIC2009 = ++Proceedings # "of the 23rd Pacific Asia Conference on Language, Information and Computation (PACLIC 23)"}

@String{+PACLIC2011 = ++Proceedings # "of the 25th Pacific Asia Conference on Language, Information and Computation (PACLIC 25)"}

@String{+PACLIC2012 = ++Proceedings # "of the 26th Pacific Asia Conference on Language, Information and Computation (PACLIC 26)"}




@String{+PACLING2005 = ++Proceedings # "of the 6th Meeting of the Pacific Association for
                  Computational Linguistics (PACLING 2005)"}

@String{+PACLING2007 = ++Proceedings # "of the 7th Meeting of the Pacific Association for
                  Computational Linguistics (PACLING 2007)"}




@String{+RANLP1995 = ++Proceedings # "of RANLP 1995 (Recent Advances in Natural Language Processing)"}

@String{+RANLP1997 = ++Proceedings # "of RANLP 1997 (Recent Advances in Natural Language Processing)"}


@String{+RANLP2005 = ++Proceedings # "of RANLP 2005 (Recent Advances in Natural Language Processing)"}




@String{+RIAO1988 = ++Proceedings # "of Recherche d'Informations Assistee par Ordinateur
                  1988 (RIAO'88)"}

@String{+RIAO2000 = ++Proceedings # "of Recherche d'Informations Assistee par Ordinateur
                  2000 (RIAO'2000)"}






@String{+SemEval2007 = ++Proceedings # "of the 4th International Workshop on Semantic
                  Evaluations"}

@String{+SemEval2013 = ++Proceedings # "of the 7th International Workshop on Semantic
                  Evaluation (SemEval 2013)"}




@String{+SIGIR1990 = ++Proceedings # "of 13th International ACM-SIGIR Conference on Research and Development in Information Retrieval (SIGIR'90)"}

@String{+SIGIR1993 = ++Proceedings # "of 16th International ACM-SIGIR Conference on Research and Development in Information Retrieval (SIGIR'93)"}

@String{+SIGIR1994 = ++Proceedings # "of 17th International ACM-SIGIR Conference on Research and Development in Information Retrieval (SIGIR'94)"}

@String{+SIGIR1995 = ++Proceedings # "of 18th International ACM-SIGIR Conference on Research and Development in Information Retrieval (SIGIR'95)"}

@String{+SIGIR1996 = ++Proceedings # "of 19th International ACM-SIGIR Conference on Research and Development in Information Retrieval (SIGIR'96)"}

@String{+SIGIR1997 = ++Proceedings # "of 20th International ACM-SIGIR Conference on Research and Development in Information Retrieval (SIGIR'97)"}

@String{+SIGIR1998 = ++Proceedings # "of 21st International ACM-SIGIR Conference on Research and Development in Information Retrieval (SIGIR'98)"}

@String{+SIGIR1999 = ++Proceedings # "of 22nd International ACM-SIGIR Conference on Research and Development in Information Retrieval (SIGIR'99)"}

@String{+SIGIR2000 = ++Proceedings # "of 23rd International ACM-SIGIR Conference on Research and Development in Information Retrieval (SIGIR 2000)"}

@String{+SIGIR2001 = ++Proceedings # "of 24th International ACM-SIGIR Conference on Research and Development in Information Retrieval (SIGIR 2001)"}

@String{+SIGIR2003 = ++Proceedings # "of 26th International ACM-SIGIR Conference on Research and Development in Information Retrieval (SIGIR 2003)"}

@String{+SIGIR2004 = ++Proceedings # "of 27th International ACM-SIGIR Conference on Research and Development in Information Retrieval (SIGIR 2004)"}

@String{+SIGIR2005 = ++Proceedings # "of 28th International ACM-SIGIR Conference on Research and Development in Information Retrieval (SIGIR 2005)"}

@String{+SIGIR2006 = ++Proceedings # "of 29th International ACM-SIGIR Conference on Research and Development in Information Retrieval (SIGIR 2006)"}

@String{+SIGIR2008 = ++Proceedings # "of 31st International ACM-SIGIR Conference on Research and Development in Information Retrieval (SIGIR'08)"}

@String{+SIGIR2008-short = ++Proceedings-short # "SIGIR'08"}

@String{+SIGIR2009 = ++Proceedings # "of 32nd International ACM-SIGIR Conference on Research and Development in Information Retrieval (SIGIR'09)"}

@String{+SIGIR2009-short = ++Proceedings-short # "SIGIR'09"}

@String{+SIGIR2011 = ++Proceedings # "of 34st International ACM-SIGIR Conference on Research and Development in Information Retrieval (SIGIR'11)"}



@String{+SIGSEMPrep2003 = ++Proceedings # "of the ACL-SIGSEM Workshop on the Linguistic Dimensions of Prepositions and their Use
in Computational Linguistics Formalisms and Applications"}

@String{+SIGSEMPrep2005 = ++Proceedings # "of the Second ACL-SIGSEM Workshop on the Linguistic Dimensions of Prepositions and their Use
in Computational Linguistics Formalisms and Applications"}

@String{+SIGSEMPrep2006 = ++Proceedings # "of the Third ACL-SIGSEM Workshop on Prepositions"}



@String{+STARSEM2012 = ++Proceedings # "of the First Joint Conference on Lexical and Computational Semantics (*SEM 2012)"}

@String{+STARSEM2013 = ++Proceedings # "of the Second Joint Conference on Lexical and Computational Semantics (*SEM 2013)"}




@String{+TAC2009 = ++Proceedings # "of the Text Analysis Conference 2009 (TAC 2009)"}




@String{+TAL = "Traitement Automatique des Langues"}


@String{+TALN1999 = "Actes de la 6e Conf\'erence annuelle sur le Traitement Automatique des Langues Naturelles (TALN '99)"}




@String{+TMI1993 = ++Proceedings # "of the 5th International Conference on
Theoretical and Methodological Issues in Machine Translation (TMI-93)"}

@String{+TMI1995 = ++Proceedings # "of the 6th International Conference on
Theoretical and Methodological Issues in Machine Translation (TMI-95)"}

@String{+TMI1997 = ++Proceedings # "of the 7th International Conference on
Theoretical and Methodological Issues in Machine Translation (TMI-97)"}

@String{+TMI1999 = ++Proceedings # "of the 8th International Conference on
Theoretical and Methodological Issues in Machine Translation (TMI-99)"}

@String{+TMI2002 = ++Proceedings # "of the 9th International Conference on
Theoretical and Methodological Issues in Machine Translation (TMI 2002)"}




@String{+TREC1999 = ++Proceedings # "of the 7th Text REtrieval Conference (TREC-7)"}

@String{+TREC2000 = ++Proceedings # "of the 8th Text REtrieval Conference (TREC-8)"}

@String{+TREC2005 = ++Proceedings # "of the 14th Text REtrieval Conference
                  (TREC 2005)"}

@String{+TREC2006 = ++Proceedings # "of the 15th Text REtrieval Conference
                  (TREC 2006)"}

@String{+TREC2007 = ++Proceedings # "of the 16th Text REtrieval Conference
                  (TREC 2007)"}

                  
@String{+UMAP2009 = ++Proceedings # "of the 17th International Conference on User Modeling, Adaptation, and Personalization (UMAP-09)"}



@String{+WCN1994 = ++Proceedings # "of the Workshop on Compound Nouns: Multilingual
                  Aspects of Nominal Composition"}



@String{+WSDM2008 = ++Proceedings # "of the First ACM International
                  Conference on Web Search and Web Data Mining (WSDM 2008)"}

@String{+WSDM2009 = ++Proceedings # "of the Second ACM International
                  Conference on Web Search and Web Data Mining (WSDM 2009)"}

@String{+WSDM2012 = ++Proceedings # "of the Fifth ACM International
                  Conference on Web Search and Web Data Mining (WSDM 2012)"}

@String{+WSDM2013 = ++Proceedings # "of the Sixth ACM International
                  Conference on Web Search and Web Data Mining (WSDM 2013)"}


@String{+WVLC1993 = ++Proceedings # "of the Workshop on Very Large Corpora: Academic and
                  Industrial Perspectives"}

@String{+WVLC1994 = ++Proceedings # "of the 2nd Annual Workshop on Very Large Corpora"}

@String{+WVLC1995 = ++Proceedings # "of the 3rd Annual Workshop on Very Large Corpora"}

@String{+WVLC1996 = ++Proceedings # "of the 4th Annual Workshop on Very Large Corpora"}

@String{+WVLC1997 = ++Proceedings # "of the 5th Annual Workshop on Very Large Corpora"}

@String{+WVLC1998 = ++Proceedings # "of the 6th Annual Workshop on Very Large Corpora"}




@String{+WWW2005 = ++Proceedings # "of the 14th International Conference on
                  the World Wide Web (WWW 2005)"}

@String{+WWW2006 = ++Proceedings # "of the 15th International Conference on
                  the World Wide Web (WWW 2006)"}

@String{+WWW2007 = ++Proceedings # "of the 16th International Conference on
                  the World Wide Web (WWW 2007)"}

@String{+WWW2008 = ++Proceedings # "of the 17th International Conference on
                  the World Wide Web (WWW 2008)"}

@String{+WWW2009 = ++Proceedings # "of the 18th International Conference on
                  the World Wide Web (WWW 2009)"}

@String{+WWW2010 = ++Proceedings # "of the 19th International Conference on
                  the World Wide Web (WWW 2010)"}
                  
@String{+WWW2011 = ++Proceedings # "of the 20th International Conference on
                  the World Wide Web (WWW 2011)"}
                  
@String{+WWW2012 = ++Proceedings # "of the 21st International Conference on
                  the World Wide Web (WWW 2012)"}

@String{+WWW2013 = ++Proceedings # "of the 22nd International Conference on
                  the World Wide Web (WWW 2013)"}

@String{+WWWC2012 = ++Proceedings # "of the 21st International Conference Companion 
    on World Wide Web (WWW '12 Companion)"}


